@book{bell2008,
  author    = {David A. Bell},
  title     = {Electronic Devices and Circuits},
  publisher = {Oxford University Press},
  year      = {2008},
  address   = {New York},
  edition   = {5th},
}

@book{sedra2015,
  author    = {Adel S. Sedra and Kenneth C. Smith},
  title     = {Microelectronic Circuits},
  publisher = {Oxford University Press},
  year      = {2015},
  address   = {New York},
  edition   = {7th},
}
