@book{fitzgerald,
    author = {Fitzgerald, A. E. and Kingsley, Charles and Umans, Stephen D.},
    title = {Electric Machinery},
    publisher = {McGraw-Hill},
    edition = {latest edition},
    year = {2024}
}

@book{sen,
    author = {Sen, P. C.},
    title = {Principles of Electric Machines and Power Electronics},
    edition = {3rd},
    publisher = {Wiley},
    year = {2024},
    address = {Kingston, Ontario, Canada}
}
